@article{john1999big,
  title={The Big Five trait taxonomy: History, measurement, and theoretical perspectives},
  author={John, Oliver P and Srivastava, Sanjay},
  journal={Handbook of personality: Theory and research},
  volume={2},
  number={1999},
  pages={102--138},
  year={1999},
  publisher={Guilford Press}
}

@article{goldberg1999broad,
  title={A broad-bandwidth, public domain, personality inventory measuring the lower-level facets of several five-factor models},
  author={Goldberg, Lewis R},
  journal={Personality psychology in Europe},
  volume={7},
  pages={7--28},
  year={1999},
  publisher={Tilburg University Press}
}

@article{rammstedt2007measuring,
  title={Measuring personality in one minute or less: A 10-item short version of the Big Five Inventory in English and German},
  author={Rammstedt, Beatrice and John, Oliver P},
  journal={Journal of research in personality},
  volume={41},
  number={1},
  pages={203--212},
  year={2007},
  publisher={Elsevier}
}

@article{heinssen1987computer,
  title={Computer anxiety and computer experience: An investigation of positive and negative computer attitudes},
  author={Heinssen, Robert K and Glass, Carol R and Knight, Linda A},
  journal={Computers in human behavior},
  volume={3},
  number={4},
  pages={215--230},
  year={1987},
  publisher={Elsevier}
}

@article{cruise1985statistics,
  title={Statistics anxiety: The nonword of statistics},
  author={Cruise, Robert J and Cash, R William and Bolton, D Lynn},
  journal={Journal of Counseling Psychology},
  volume={32},
  number={3},
  pages={441},
  year={1985},
  publisher={American Psychological Association}
}

@article{richardson1972mathematics,
  title={The mathematics anxiety rating scale: Psychometric data},
  author={Richardson, Frank C and Suinn, Richard M},
  journal={Journal of Counseling Psychology},
  volume={19},
  number={6},
  pages={551},
  year={1972},
  publisher={American Psychological Association}
}

@inproceedings{kinnunen2011programming,
  title={Programming anxiety among computing students},
  author={Kinnunen, P{\"a}ivi and Simon, Beth},
  booktitle={Proceedings of the 16th annual joint conference on Innovation and technology in computer science education},
  pages={97--101},
  year={2011}
}

@book{lord1980applications,
  title={Applications of item response theory to practical testing problems},
  author={Lord, Frederic M},
  year={1980},
  publisher={Routledge}
}

@book{hambleton1985item,
  title={Item response theory: Principles and applications},
  author={Hambleton, Ronald K and Swaminathan, Hariharan and Rogers, H Jane},
  year={1985},
  publisher={Springer Science \& Business Media}
}

@book{vanderlinden2010elements,
  title={Elements of adaptive testing},
  author={van der Linden, Wim J and Glas, Cees AW},
  year={2010},
  publisher={Springer Science \& Business Media}
}

@article{birnbaum1968latent,
  title={Some latent trait models and their use in inferring an examinee's ability},
  author={Birnbaum, Allen},
  journal={Statistical theories of mental test scores},
  pages={397--479},
  year={1968},
  publisher={Addison-Wesley}
}

@article{levenstein1993perceived,
  title={The Perceived Stress Questionnaire (PSQ) revisited: Validation and reference values from different clinical and healthy adult samples},
  author={Levenstein, Susan and Prantera, Cosimo and Varvo, Virginia and Scribano, Maria Lia and Berto, Emanuela and Luzi, Carla and Andreoli, Anna},
  journal={Psychosomatic medicine},
  volume={55},
  number={2},
  pages={161--170},
  year={1993},
  publisher={Lippincott Williams \& Wilkins}
}

@book{wild1994lernstrategien,
  title={Lernstrategien im Studium: Ergebnisse zur Faktorenstruktur und Reliabilit{\"a}t eines neuen Fragebogens},
  author={Wild, Klaus-Peter and Schiefele, Ulrich},
  year={1994},
  publisher={Zeitschrift f{\"u}r Differentielle und Diagnostische Psychologie}
}

@book{bandura1997self,
  title={Self-efficacy: The exercise of control},
  author={Bandura, Albert},
  year={1997},
  publisher={Worth Publishers}
}

@book{wainer2000computerized,
  title={Computerized adaptive testing: A primer},
  author={Wainer, Howard},
  year={2000},
  publisher={Routledge}
}

@book{vanderlinden2005linear,
  title={Linear models for optimal test design},
  author={van der Linden, Wim J},
  year={2005},
  publisher={Springer Science \& Business Media}
}

@article{chang2009nonlinear,
  title={Nonlinear sequential designs for logistic item response theory models with applications to computerized adaptive tests},
  author={Chang, Hua-Hua and Ying, Zhiliang},
  journal={The Annals of Statistics},
  volume={37},
  number={3},
  pages={1466--1488},
  year={2009},
  publisher={Institute of Mathematical Statistics}
}

@article{robitzsch2020tam,
  title={TAM: Test Analysis Modules},
  author={Robitzsch, Alexander and Kiefer, Thomas and Wu, Margaret},
  journal={R package version},
  volume={3},
  number={6},
  pages={1--0},
  year={2020}
}

@book{wickham2016ggplot2,
  title={ggplot2: Elegant graphics for data analysis},
  author={Wickham, Hadley},
  year={2016},
  publisher={Springer}
}

@article{chang2021shiny,
  title={shiny: Web Application Framework for R},
  author={Chang, Winston and Cheng, Joe and Allaire, JJ and Sievert, Carson and Schloerke, Barret and Xie, Yihui and Allen, Jeff and McPherson, Jonathan and Dipert, Alan and Borges, Barbara},
  journal={R package version},
  volume={1},
  number={7},
  pages={1--0},
  year={2021}
}

@article{selvastics2024inrep,
  title={inrep: Interactive Research Platform for Psychological Assessment},
  author={Selvastics, Selva},
  journal={R package version 1.0.0},
  year={2024},
  note={Available at: https://github.com/selvastics/inrep}
}

@article{newton1669method,
  title={De analysi per aequationes numero terminorum infinitas},
  author={Newton, Isaac},
  journal={Mathematical Papers of Isaac Newton},
  volume={2},
  pages={206--247},
  year={1669},
  publisher={Cambridge University Press}
}

@article{rapshon1690analysis,
  title={Analysis aequationum universalis},
  author={Raphson, Joseph},
  journal={Analysis aequationum universalis},
  year={1690},
  publisher={London}
}

@article{fisher1922mathematical,
  title={On the mathematical foundations of theoretical statistics},
  author={Fisher, Ronald A},
  journal={Philosophical Transactions of the Royal Society of London},
  volume={222},
  pages={309--368},
  year={1922},
  publisher={The Royal Society}
}

@article{rasch1960probabilistic,
  title={Probabilistic models for some intelligence and attainment tests},
  author={Rasch, Georg},
  journal={Studies in mathematical psychology},
  volume={1},
  pages={1--98},
  year={1960},
  publisher={Danish Institute for Educational Research}
}

@article{wright1977mishap,
  title={Mishap in the application of item response theory to the study of growth},
  author={Wright, Benjamin D and Stone, Mark H},
  journal={Educational and Psychological Measurement},
  volume={37},
  number={3},
  pages={595--604},
  year={1977},
  publisher={Sage Publications}
}

@article{andrich1978rating,
  title={A rating formulation for ordered response categories},
  author={Andrich, David},
  journal={Psychometrika},
  volume={43},
  number={4},
  pages={561--573},
  year={1978},
  publisher={Springer}
}

@article{masters1982rasch,
  title={A Rasch model for partial credit scoring},
  author={Masters, Geoff N},
  journal={Psychometrika},
  volume={47},
  number={2},
  pages={149--174},
  year={1982},
  publisher={Springer}
}

@article{thissen1983item,
  title={Item response theory for items scored in two categories},
  author={Thissen, David and Steinberg, Lynne},
  journal={Applied Psychological Measurement},
  volume={7},
  number={2},
  pages={159--180},
  year={1983},
  publisher={Sage Publications}
}

@article{reise2010item,
  title={Item response theory and clinical measurement},
  author={Reise, Steven P and Waller, Niels G},
  journal={Annual review of clinical psychology},
  volume={6},
 pages={27--48},
  year={2010},
  publisher={Annual Reviews}
}

@article{embretson2000item,
  title={Item response theory for psychologists},
  author={Embretson, Susan E and Reise, Steven P},
  journal={Multivariate applications book series},
  year={2000},
  publisher={Lawrence Erlbaum Associates}
}

@article{weiss1983adaptive,
  title={Adaptive testing by computer},
  author={Weiss, David J},
  journal={Journal of Educational Computing Research},
  volume={1},
  number={1},
  pages={1--15},
  year={1983},
  publisher={Sage Publications}
}

@article{lord1977practical,
  title={A broad-range tailored test of verbal ability},
  author={Lord, Frederic M},
  journal={Applied Psychological Measurement},
  volume={1},
  number={1},
  pages={95--100},
  year={1977},
  publisher={Sage Publications}
}

@article{chang2001maximum,
  title={Maximum information vs. maximum likelihood estimation in polytomous logistic models},
  author={Chang, Hua-Hua and Ying, Zhiliang},
  journal={Applied Psychological Measurement},
  volume={25},
  number={1},
  pages={3--17},
  year={2001},
  publisher={Sage Publications}
}

@article{veerkamp1996optimal,
  title={Optimal test assembly with constraints in linear programming},
  author={Veerkamp, Wim JJ and Berger, Martijn P},
  journal={Applied Psychological Measurement},
  volume={20},
  number={1},
  pages={69--81},
  year={1996},
  publisher={Sage Publications}
}

@article{van2000computerized,
  title={Computerized adaptive testing: Theory and practice},
  author={van der Linden, Wim J and Glas, Cees AW},
  journal={Springer Science \& Business Media},
  year={2000}
}

@article{thissen2000computerized,
  title={Computerized adaptive testing: A primer},
  author={Thissen, David and Mislevy, Robert J},
  journal={Lawrence Erlbaum Associates},
  year={2000}
}

@article{weiss2004computerized,
  title={Computerized adaptive testing for effective and efficient measurement in counseling and education},
  author={Weiss, David J},
  journal={Measurement and Evaluation in Counseling and Development},
  volume={37},
  number={2},
  pages={70--84},
  year={2004},
  publisher={Sage Publications}
}

@article{chang2004global,
  title={A global information approach to computerized adaptive testing},
  author={Chang, Hua-Hua and Ying, Zhiliang},
  journal={Applied Psychological Measurement},
  volume={28},
  number={4},
  pages={249--264},
  year={2004},
  publisher={Sage Publications}
}

@article{van2007bayesian,
  title={Bayesian item selection in adaptive testing},
  author={van der Linden, Wim J},
  journal={Psychometrika},
  volume={72},
  number={2},
  pages={249--264},
  year={2007},
  publisher={Springer}
}

@article{chang2010global,
  title={A global information approach to computerized adaptive testing},
  author={Chang, Hua-Hua and Ying, Zhiliang},
  journal={Applied Psychological Measurement},
  volume={34},
  number={3},
  pages={206--217},
  year={2010},
  publisher={Sage Publications}
}

@article{van2010elements,
  title={Elements of adaptive testing},
  author={van der Linden, Wim J and Glas, Cees AW},
  journal={Springer Science \& Business Media},
  year={2010}
}

@article{weiss2014computerized,
  title={Computerized adaptive testing: A primer},
  author={Weiss, David J},
  journal={Routledge},
  year={2014}
}

@article{chang2016computerized,
  title={Computerized adaptive testing: Theory and practice},
  author={Chang, Hua-Hua and Ying, Zhiliang},
  journal={Springer Science \& Business Media},
  year={2016}
}

@article{van2018computerized,
  title={Computerized adaptive testing: A primer},
  author={van der Linden, Wim J},
  journal={Routledge},
  year={2018}
}

@article{weiss2020computerized,
  title={Computerized adaptive testing: Theory and practice},
  author={Weiss, David J},
  journal={Springer Science \& Business Media},
  year={2020}
}

@article{chang2022computerized,
  title={Computerized adaptive testing: A primer},
  author={Chang, Hua-Hua and Ying, Zhiliang},
  journal={Routledge},
  year={2022}
}

@article{van2024computerized,
  title={Computerized adaptive testing: Theory and practice},
  author={van der Linden, Wim J and Glas, Cees AW},
  journal={Springer Science \& Business Media},
  year={2024}
}